@article{talby2006agile,
  title={Agile software testing in a large-scale project},
  author={Talby, David and Keren, Arie and Hazzan, Orit and Dubinsky, Yael},
  journal={IEEE software},
  volume={23},
  number={4},
  pages={30--37},
  year={2006},
  publisher={IEEE}
}

@inproceedings{cruzes2016communication,
  title={Communication between developers and testers in distributed continuous agile testing},
  author={Cruzes, Daniela S and Moe, Nils B and Dyb{\aa}, Tore},
  booktitle={Global Software Engineering (ICGSE), 2016 IEEE 11th International Conference on},
  pages={59--68},
  year={2016},
  organization={IEEE}
}

@inproceedings{moosajee2016games,
  title={Games User Research (GUR) for Indie Studios},
  author={Moosajee, Naeem and Mirza-Babaei, Pejman},
  booktitle={Proceedings of the 2016 CHI Conference Extended Abstracts on Human Factors in Computing Systems},
  pages={3159--3165},
  year={2016},
  organization={ACM}
}

@article{ollila2008using,
  title={Using prototypes in early pervasive game development},
  author={Ollila, Elina MI and Suomela, Riku and Holopainen, Jussi},
  journal={Computers in Entertainment (CIE)},
  volume={6},
  number={2},
  pages={17},
  year={2008},
  publisher={ACM}
}

@article{costikyan2005have,
  title={I Have No Words \&},
  author={Costikyan, Greg},
  journal={The game design reader: A rules of play anthology},
  pages={192},
  year={2005},
  publisher={MIT Press}
}
@inproceedings{powley2016semi,
  title={Semi-automated level design via auto-playtesting for handheld casual game creation},
  author={Powley, Edward J and Colton, Simon and Gaudl, Swen and Saunders, Rob and Nelson, Mark J},
  booktitle={Computational Intelligence and Games (CIG), 2016 IEEE Conference on},
  pages={1--8},
  year={2016},
  organization={IEEE}
}
@article{alliance2001agile,
  title={Agile manifesto},
  author={Alliance, Agile},
  journal={Online at http://www. agilemanifesto. org},
  volume={6},
  number={1},
  year={2001}
}
@inproceedings{de1997facial,
  title={Facial emotion recognition using multi-modal information},
  author={De Silva, Liyanage C and Miyasato, Tsutomu and Nakatsu, Ryohei},
  booktitle={Information, Communications and Signal Processing, 1997. ICICS., Proceedings of 1997 International Conference on},
  volume={1},
  pages={397--401},
  year={1997},
  organization={IEEE}
}
@article{davis2005survey,
  title={A survey method for assessing perceptions of a game: The consumer playtest in game design},
  author={Davis, John P and Steury, Keith and Pagulayan, Randy},
  journal={Game Studies},
  volume={5},
  number={1},
  year={2005}
}
@book{eckstein2013agile,
  title={Agile software development in the large: Diving into the deep},
  author={Eckstein, Jutta},
  year={2013},
  publisher={Addison-Wesley}
}
@article{chow2008survey,
  title={A survey study of critical success factors in agile software projects},
  author={Chow, Tsun and Cao, Dac-Buu},
  journal={Journal of systems and software},
  volume={81},
  number={6},
  pages={961--971},
  year={2008},
  publisher={Elsevier}
}